@ARTICLE{braams:babel,
	AUTHOR = "Johannes Braams",
	TITLE = "Babel, a Multilingual Style-Option System for Use with LaTeX's Standard Document Styles",
	JOURNAL = {TUGboat},
	VOLUME = {12},
	NUMBER = {2},
	PAGES = {291-301},
	MONTH = "June",
	YEAR = {1991}	}
@inproceedings{compton2013detecting,
  title={Detecting future social unrest in unprocessed Twitter data:“Emerging phenomena and big data”},
  author={Compton, Ryan and Lee, Craig and Lu, Tsai-Ching and De Silva, Lalindra and Macy, Michael},
  booktitle={Intelligence and Security Informatics (ISI), 2013 IEEE International Conference on},
  pages={56--60},
  year={2013},
  organization={IEEE}
}
@incollection{xu2014civil,
  title={Civil Unrest Prediction: A Tumblr-Based Exploration},
  author={Xu, Jiejun and Lu, Tsai-Ching and Compton, Ryan and Allen, David},
  booktitle={Social Computing, Behavioral-Cultural Modeling and Prediction},
  pages={403--411},
  year={2014},
  publisher={Springer}
}
@inproceedings{becker2012identifying,
  title={Identifying content for planned events across social media sites},
  author={Becker, Hila and Iter, Dan and Naaman, Mor and Gravano, Luis},
  booktitle={Proceedings of the fifth ACM international conference on Web search and data mining},
  pages={533--542},
  year={2012},
  organization={ACM}
}
@inproceedings{amitay2004web,
  title={Web-a-where: geotagging web content},
  author={Amitay, Einat and Har'El, Nadav and Sivan, Ron and Soffer, Aya},
  booktitle={Proceedings of the 27th annual international ACM SIGIR conference on Research and development in information retrieval},
  pages={273--280},
  year={2004},
  organization={ACM}
}
@inproceedings{riloff2003learning,
  title={Learning extraction patterns for subjective expressions},
  author={Riloff, Ellen and Wiebe, Janyce},
  booktitle={Proceedings of the 2003 conference on Empirical methods in natural language processing},
  pages={105--112},
  year={2003},
  organization={Association for Computational Linguistics}
}


@InProceedings{broecheler:uai10,
  author       = "Broecheler, Matthias and Mihalkova, Lilyana and Getoor, Lise",
  title        = "Probabilistic Similarity Logic",
  booktitle    = "Conference on Uncertainty in Artificial Intelligence",
  year         = "2010",
}
@inproceedings{Ritter:2012,
 author = {Ritter, Alan and Mausam and Etzioni, Oren and Clark, Sam},
 title = {Open Domain Event Extraction from Twitter},
 booktitle = {Proceedings of the 18th ACM SIGKDD International Conference on Knowledge Discovery and Data Mining},
 series = {KDD '12},
 year = {2012},
 isbn = {978-1-4503-1462-6},
 location = {Beijing, China},
 pages = {1104--1112},
 numpages = {9},
 url = {http://doi.acm.org/10.1145/2339530.2339704},
 doi = {10.1145/2339530.2339704},
 acmid = {2339704},
 publisher = {ACM},
 address = {New York, NY, USA},
 keywords = {information extraction, social media},
} 
